<?xml version="1.0" encoding="UTF-8"?><record xmlns="http://www.loc.gov/MARC21/slim" xmlns:cinclude="http://apache.org/cocoon/include/1.0" xmlns:zs="http://www.loc.gov/zing/srw/">
  <leader>00454cz  a2200145n  4500</leader>
  <controlfield tag="001">n  82133702 </controlfield>
  <controlfield tag="003">DLC</controlfield>
  <controlfield tag="005">20090108081321.0</controlfield>
  <controlfield tag="008">821206n| acannaabn          |n aaa      </controlfield>
  <datafield tag="010" ind1=" " ind2=" ">
    <subfield code="a">n  82133702 </subfield>
  </datafield>
  <datafield tag="035" ind1=" " ind2=" ">
    <subfield code="a">(OCoLC)oca00829945</subfield>
  </datafield>
  <datafield tag="040" ind1=" " ind2=" ">
    <subfield code="a">DLC</subfield>
    <subfield code="b">eng</subfield>
    <subfield code="c">DLC</subfield>
    <subfield code="d">OCoLC</subfield>
  </datafield>
  <datafield tag="100" ind1="1" ind2=" ">
    <subfield code="a">Pechstein, Klaus</subfield>
  </datafield>
  <datafield tag="670" ind1=" " ind2=" ">
    <subfield code="a">Link, E. M. Ullstein Silberbuch, 1968.</subfield>
  </datafield>
  <datafield tag="670" ind1=" " ind2=" ">
    <subfield code="a">BoĚttgersteinzeug und fruĚhes Meissener Porzellan, 1982:</subfield>
    <subfield code="b">verso t.p. (Klaus Pechstein) p. 5 (Dr.)</subfield>
  </datafield>
</record>